[gd_scene load_steps=9 format=3 uid="uid://7e8mm5u67lxv"]

[ext_resource type="Material" uid="uid://df2opqy26xki" path="res://Materials/Lightblue.tres" id="1_2y1uy"]
[ext_resource type="Script" path="res://Scripts/oven.gd" id="1_c7y5e"]
[ext_resource type="Material" uid="uid://byprp6wbgxag1" path="res://Materials/Black.tres" id="2_yxmdr"]

[sub_resource type="BoxMesh" id="BoxMesh_3px3q"]

[sub_resource type="BoxMesh" id="BoxMesh_5l6q7"]

[sub_resource type="BoxMesh" id="BoxMesh_3ag0f"]

[sub_resource type="CylinderMesh" id="CylinderMesh_0ia1p"]

[sub_resource type="BoxShape3D" id="BoxShape3D_txg11"]
size = Vector3(2.00974, 2.08957, 2.22888)

[node name="Oven" type="Node3D" groups=["prop"]]
script = ExtResource("1_c7y5e")

[node name="MeshInstance3D" type="MeshInstance3D" parent="."]
transform = Transform3D(2, 0, 0, 0, 2, 0, 0, 0, 2, 0, 0, 0)
mesh = SubResource("BoxMesh_3px3q")

[node name="MeshInstance3D2" type="MeshInstance3D" parent="."]
transform = Transform3D(1.5319, 0, 0, 0, 0.215257, 0, 0, 0, 0.2, 0, 0.820446, 1.10051)
mesh = SubResource("BoxMesh_5l6q7")

[node name="MeshInstance3D3" type="MeshInstance3D" parent="."]
transform = Transform3D(1, 0, 0, 0, 1, 0, 0, 0, 0.0255418, 0, 0, 1.04987)
material_override = ExtResource("1_2y1uy")
mesh = SubResource("BoxMesh_3ag0f")

[node name="MeshInstance3D4" type="MeshInstance3D" parent="."]
transform = Transform3D(0.5, 0, 0, 0, 0.053, 0, 0, 0, 0.5, -0.488186, 1.04997, 0.532229)
material_override = ExtResource("2_yxmdr")
mesh = SubResource("CylinderMesh_0ia1p")

[node name="MeshInstance3D5" type="MeshInstance3D" parent="."]
transform = Transform3D(0.5, 0, 0, 0, 0.053, 0, 0, 0, 0.5, 0.527474, 1.04997, 0.532229)
material_override = ExtResource("2_yxmdr")
mesh = SubResource("CylinderMesh_0ia1p")

[node name="MeshInstance3D6" type="MeshInstance3D" parent="."]
transform = Transform3D(0.5, 0, 0, 0, 0.053, 0, 0, 0, 0.5, -0.488186, 1.04997, -0.397856)
material_override = ExtResource("2_yxmdr")
mesh = SubResource("CylinderMesh_0ia1p")

[node name="MeshInstance3D7" type="MeshInstance3D" parent="."]
transform = Transform3D(0.5, 0, 0, 0, 0.053, 0, 0, 0, 0.5, 0.527474, 1.04997, -0.397856)
material_override = ExtResource("2_yxmdr")
mesh = SubResource("CylinderMesh_0ia1p")

[node name="StaticBody3D" type="StaticBody3D" parent="."]

[node name="CollisionShape3D" type="CollisionShape3D" parent="StaticBody3D"]
transform = Transform3D(1, 0, 0, 0, 1, 0, 0, 0, 1, -0.0137177, 0.0507965, 0.0924683)
shape = SubResource("BoxShape3D_txg11")
