[gd_scene load_steps=13 format=3 uid="uid://cp4rhr66g0guw"]

[ext_resource type="Script" path="res://Scripts/tv.gd" id="1_824vj"]
[ext_resource type="Material" uid="uid://7f2fdyf1e13" path="res://Materials/Brown.tres" id="1_nco81"]
[ext_resource type="Material" uid="uid://byprp6wbgxag1" path="res://Materials/Black.tres" id="2_38h6w"]

[sub_resource type="BoxMesh" id="BoxMesh_13u6r"]

[sub_resource type="CylinderMesh" id="CylinderMesh_sjof1"]

[sub_resource type="CylinderMesh" id="CylinderMesh_bkd8w"]

[sub_resource type="BoxMesh" id="BoxMesh_wrped"]

[sub_resource type="ViewportTexture" id="ViewportTexture_lluv5"]
viewport_path = NodePath("SubViewport")

[sub_resource type="ViewportTexture" id="ViewportTexture_nqc37"]
viewport_path = NodePath("SubViewport")

[sub_resource type="StandardMaterial3D" id="StandardMaterial3D_7pj1r"]
resource_local_to_scene = true
albedo_texture = SubResource("ViewportTexture_lluv5")
emission_energy_multiplier = 5.0
emission_texture = SubResource("ViewportTexture_nqc37")

[sub_resource type="BoxShape3D" id="BoxShape3D_ol1lf"]
size = Vector3(2.84937, 2.22546, 1)

[sub_resource type="VideoStreamTheora" id="VideoStreamTheora_w2na0"]

[node name="TV" type="Node3D"]
script = ExtResource("1_824vj")

[node name="MeshInstance3D" type="MeshInstance3D" parent="."]
transform = Transform3D(2.86218, 0, 0, 0, 1, 0, 0, 0, 1, 0, 0, 0)
material_override = ExtResource("1_nco81")
mesh = SubResource("BoxMesh_13u6r")

[node name="MeshInstance3D2" type="MeshInstance3D" parent="."]
transform = Transform3D(0.813478, 0, 0, 0, -0.0350645, 0, 0, 0, 0.823386, 0, 0.533916, 0)
material_override = ExtResource("2_38h6w")
mesh = SubResource("CylinderMesh_sjof1")

[node name="MeshInstance3D3" type="MeshInstance3D" parent="."]
transform = Transform3D(0.2, 0, 0, 0, 0.237306, 0, 0, 0, 0.2, 0, 0.796315, 0)
material_override = ExtResource("2_38h6w")
mesh = SubResource("CylinderMesh_bkd8w")

[node name="MeshInstance3D4" type="MeshInstance3D" parent="."]
transform = Transform3D(1.777, 0, 0, 0, 1, 0, 0, 0, 0.235, 0, 1.33434, 0)
material_override = ExtResource("2_38h6w")
mesh = SubResource("BoxMesh_wrped")

[node name="Screen" type="MeshInstance3D" parent="."]
transform = Transform3D(1.777, 0, 0, 0, 1, 0, 0, 0, 0.012, 0, 1.33434, 0.123638)
mesh = SubResource("BoxMesh_wrped")
surface_material_override/0 = SubResource("StandardMaterial3D_7pj1r")

[node name="StaticBody3D" type="StaticBody3D" parent="."]

[node name="CollisionShape3D" type="CollisionShape3D" parent="StaticBody3D"]
transform = Transform3D(1, 0, 0, 0, 1, 0, 0, 0, 1, -0.00158691, 0.612732, 0)
shape = SubResource("BoxShape3D_ol1lf")

[node name="SubViewport" type="SubViewport" parent="."]
size = Vector2i(1280, 720)

[node name="SubViewportContainer" type="SubViewportContainer" parent="SubViewport"]
anchors_preset = 15
anchor_right = 1.0
anchor_bottom = 1.0
grow_horizontal = 2
grow_vertical = 2
size_flags_horizontal = 4
size_flags_vertical = 4

[node name="VideoStreamPlayer" type="VideoStreamPlayer" parent="SubViewport/SubViewportContainer"]
layout_mode = 2
stream = SubResource("VideoStreamTheora_w2na0")
volume_db = -20.0
